
@ARTICLE{lamport79,
   AUTHOR = "Leslie Lamport",
   TITLE = "How to make a multiprocessor computer that correctly executes multiprocess programs",
   JOURNAL = "IEEE Transactions on Computers",
   YEAR = "1979",
   volume = "C-28",
   number = "9",
   month = sep,
   pages = "690--691"
}

@ARTICLE{lamport78,
   AUTHOR = "Leslie Lamport",
   TITLE = "Time, clocks, and the ordering of events in a distributed system",
   JOURNAL = "Communications of the ACM",
   YEAR = "1978",
   volume = "21",
   number = "7",
   month = jul,
   pages = "558--565"
}

@INPROCEEDINGS{keleher92,
AUTHOR = "Peter Keleher and Alan L. Cox and Willy Zwaenepoel",
TITLE = "{Lazy Release Consistency for Software Distributed Shared Memory}",
BOOKTITLE = "19th Annual International Simposium on Computer Architecture, ACM",
month = may,
YEAR = "1992",
pages = "13--21"
}

@article{estivil92,
   author = {Estivill-Castro, Vladmir and Wood, Derick},
   title = {A Survey of Adaptive Sorting Algorithms},
   year = {1992},
   issue_date = {Dec. 1992},
   publisher = {Association for Computing Machinery},
   address = {New York, NY, USA},
   volume = {24},
   number = {4},
   issn = {0360-0300},
   url = {https://doi.org/10.1145/146370.146381},
   doi = {10.1145/146370.146381},
   journal = {ACM Comput. Surv.},
   month = dec,
   pages = {441–476},
   numpages = {36},
   keywords = {nearly sorted sequences, randomized algorithms, comparison trees, measures of disorder, adaptive sorting algorithms}
}

@book{Mehlhorn_1984, title={Data Structures and Algorithms 1}, url={http://dx.doi.org/10.1007/978-3-642-69672-5}, DOI={10.1007/978-3-642-69672-5}, publisher={Springer Berlin Heidelberg}, author={Mehlhorn, Kurt}, year={1984} }
@book{10.5555/1614191,
   author = {Cormen, Thomas H. and Leiserson, Charles E. and Rivest, Ronald L. and Stein, Clifford},
   title = {Introduction to Algorithms, Third Edition},
   year = {2009},
   isbn = {0262033844},
   publisher = {The MIT Press},
   edition = {3rd}
}

@article{Blum_Floyd_Pratt_Rivest_Tarjan_1973, title={Time bounds for selection}, volume={7}, url={http://dx.doi.org/10.1016/S0022-0000(73)80033-9}, DOI={10.1016/s0022-0000(73)80033-9}, number={4}, journal={Journal of Computer and System Sciences}, publisher={Elsevier BV}, author={Blum, Manuel and Floyd, Robert W. and Pratt, Vaughan and Rivest, Ronald L. and Tarjan, Robert E.}, year={1973}, month={Aug}, pages={448–461} }


@article{Navarro_Paredes_2010, title={On Sorting, Heaps, and Minimum Spanning Trees}, volume={57}, url={http://dx.doi.org/10.1007/s00453-010-9400-6}, DOI={10.1007/s00453-010-9400-6}, number={4}, journal={Algorithmica}, publisher={Springer Science and Business Media LLC}, author={Navarro, Gonzalo and Paredes, Rodrigo}, year={2010}, month={Mar}, pages={585–620} }


@INPROCEEDINGS{7416566, author={E. {Regla} and R. {Paredes}}, booktitle={2015 34th International Conference of the Chilean Computer Science Society (SCCC)}, title={Worst-case optimal incremental sorting}, year={2015}, volume={}, number={}, pages={1-6},}

